@article{chazal:2017,
  title={An introduction to Topological Data Analysis: fundamental and
      practical aspects for data scientists},
  author={Chazal, Fr{\'e}d{\'e}ric and Michel, Bertrand},
  journal={arXiv preprint arXiv:1710.04019},
  year={2017}
}

@inproceedings{maria:2014,
  title={The Gudhi library: Simplicial complexes and persistent homology},
  author={Maria, Cl{\'e}ment and Boissonnat, Jean-Daniel and Glisse, Marc and
      Yvinec, Mariette},
  booktitle={International Congress on Mathematical Software},
  pages={167--174},
  year={2014},
  organization={Springer}
}

@article{ghrist:2008,
  title={Barcodes: the persistent topology of data},
  author={Ghrist, Robert},
  journal={Bulletin of the American Mathematical Society},
  volume={45},
  number={1},
  pages={61--75},
  year={2008}
}

@article{zomorodian:2005,
  title={Computing persistent homology},
  author={Zomorodian, Afra and Carlsson, Gunnar},
  journal={Discrete \& Computational Geometry},
  volume={33},
  number={2},
  pages={249--274},
  year={2005},
  publisher={Springer}
}

