@incollection{Barsi:2003,
  year =         2003,
  doi =          {10.1007/3-540-45065-3_30},
  url =          {https://doi.org/10.1007/3-540-45065-3_30},
  publisher =    {Springer Berlin Heidelberg},
  pages =        {343--352},
  author =       {Arpad Barsi},
  title =        {Neural Self-Organization Using Graphs},
  booktitle =    {Machine Learning and Data Mining in Pattern
                  Recognition}
}

@article{Come:2015,
  doi =          {10.1016/j.neucom.2013.12.058},
  url =          {https://doi.org/10.1016/j.neucom.2013.12.058},
  year =         2015,
  month =        1,
  publisher =    {Elsevier {BV}},
  volume =       147,
  pages =        {185--196},
  author =       {Etienne C{\^{o}}me and Marie Cottrell and Patrice
                  Gaubert},
  title =        {Analysis of professional trajectories using
                  disconnected self-organizing maps},
  journal =      {Neurocomputing}
}

@inproceedings{Come:2010,
  author =       {Côme, Etienne and Cottrell, Marie and Verleysen,
                  Michel and Lacaille, Jérôme},
  year =         2010,
  month =        04,
  title =        {Self Organizing Star (SOS) for health monitoring},
  booktitle =    {ESANN}
}


  
@article{vanPelt2013,
  doi = {10.3389/fncom.2013.00160},
  url = {https://doi.org/10.3389/fncom.2013.00160},
  year = {2013},
  publisher = {Frontiers Media {SA}},
  volume = {7},
  author = {Jaap van Pelt and Arjen van Ooyen},
  title = {Estimating neuronal connectivity from axonal and dendritic density fields},
  journal = {Frontiers in Computational Neuroscience}
}

@article{Kaneko2017,
  doi = {10.1111/jnc.14002},
  url = {https://doi.org/10.1111/jnc.14002},
  year = {2017},
  month = apr,
  publisher = {Wiley},
  volume = {141},
  number = {6},
  pages = {835--847},
  author = {Naoko Kaneko and Masato Sawada and Kazunobu Sawamoto},
  title = {Mechanisms of neuronal migration in the adult brain},
  journal = {Journal of Neurochemistry}
}

@article{BlazquezLlorca2014,
  doi = {10.1007/s00429-014-0828-3},
  url = {https://doi.org/10.1007/s00429-014-0828-3},
  year = {2014},
  month = jul,
  publisher = {Springer Science and Business Media {LLC}},
  volume = {220},
  number = {5},
  pages = {2817--2834},
  author = {Lidia Blazquez-Llorca and Alan Woodruff and Melis Inan and Stewart A. Anderson and Rafael Yuste and Javier DeFelipe and Angel Merchan-Perez},
  title = {Spatial distribution of neurons innervated by chandelier cells},
  journal = {Brain Structure and Function}
}

@misc{rynkiewicz:2008,
      title={Self Organizing Map algorithm and distortion measure}, 
      author={Joseph Rynkiewicz},
      year={2008},
      eprint={0802.3150},
      archivePrefix={arXiv},
      primaryClass={stat.ML}
}

@article{Detorakis2014,
  doi = {10.3389/fncom.2014.00076},
  url = {https://doi.org/10.3389/fncom.2014.00076},
  year = {2014},
  month = jul,
  publisher = {Frontiers Media {SA}},
  volume = {8},
  author = {Georgios Is. Detorakis and Nicolas P. Rougier},
  title = {Structure of receptive fields in a computational model of area 3b of primary sensory cortex},
  journal = {Frontiers in Computational Neuroscience}
}

@article{Detorakis2012,
  doi = {10.1371/journal.pone.0040257},
  url = {https://doi.org/10.1371/journal.pone.0040257},
  year = {2012},
  month = jul,
  publisher = {Public Library of Science ({PLoS})},
  volume = {7},
  number = {7},
  pages = {e40257},
  author = {Georgios Is. Detorakis and Nicolas P. Rougier},
  editor = {Andrea Serino},
  title = {A Neural Field Model of the Somatosensory Cortex: Formation,  Maintenance and Reorganization of Ordered Topographic Maps},
  journal = {{PLoS} {ONE}}
}

@incollection{Polani2002,
  doi = {10.1007/978-3-7908-1810-9_2},
  url = {https://doi.org/10.1007/978-3-7908-1810-9_2},
  year = {2002},
  publisher = {Physica-Verlag {HD}},
  pages = {13--44},
  author = {Daniel Polani},
  title = {Measures for the Organization of Self-Organizing Maps},
  booktitle = {Self-Organizing Neural Networks}
}

@article{Chazal:2017,
  title={An introduction to Topological Data Analysis: fundamental and
      practical aspects for data scientists},
  author={Chazal, Fr{\'e}d{\'e}ric and Michel, Bertrand},
  journal={arXiv preprint arXiv:1710.04019},
  year={2017}
}

@inproceedings{Maria:2014,
  title={The Gudhi library: Simplicial complexes and persistent homology},
  author={Maria, Cl{\'e}ment and Boissonnat, Jean-Daniel and Glisse, Marc and
      Yvinec, Mariette},
  booktitle={International Congress on Mathematical Software},
  pages={167--174},
  year={2014},
  organization={Springer}
}

@article{Ghrist:2008,
  title={Barcodes: the persistent topology of data},
  author={Ghrist, Robert},
  journal={Bulletin of the American Mathematical Society},
  volume={45},
  number={1},
  pages={61--75},
  year={2008}
}

@article{Zomorodian:2005,
  title={Computing persistent homology},
  author={Zomorodian, Afra and Carlsson, Gunnar},
  journal={Discrete \& Computational Geometry},
  volume={33},
  number={2},
  pages={249--274},
  year={2005},
  publisher={Springer}
}

@article{Parzen:1962,
  title={On estimation of a probability density function and mode},
  author={Parzen, Emanuel},
  journal={The annals of mathematical statistics},
  volume={33},
  number={3},
  pages={1065--1076},
  year={1962},
  publisher={JSTOR}
}

@article{Burguillo:2013,
  doi = {10.1007/s00500-013-1171-y},
  year = {2013},
  month = 11,
  publisher = {Springer Science and Business Media {LLC}},
  volume = {18},
  number = {4},
  pages = {695--705},
  author = {Juan C. Burguillo},
  title = {Using self-organizing maps with complex network topologies and coalitions for time series prediction},
  journal = {Soft Computing}
}

@Article{rougier:2011,
  author =       {Nicolas P. Rougier and Yann Boniface},
  title =        {Dynamic Self-Organising map},
  journal =      {Neurocomputing},
  year =         2011,
  volume =       74,
  number =       11,
  pages =        {1840--1847},
  doi =          {10.1016/j.neucom.2010.06.034},
}


@article{Villmann:2006,
  doi = {10.1162/089976606775093918},
  year = {2006},
  month = 2,
  publisher = {{MIT} Press - Journals},
  volume = {18},
  number = {2},
  pages = {446--469},
  author = {Thomas Villmann and Jens Christian Claussen},
  title = {Magnification Control in Self-Organizing Maps and Neural Gas},
  journal = {Neural Computation}
}

@article{Zhou:2012,
  doi = {10.1145/2185520.2185572},
  year = {2012},
  month = 7,
  publisher = {Association for Computing Machinery ({ACM})},
  volume = {31},
  number = {4},
  pages = {1--11},
  author = {Yahan Zhou and Haibin Huang and Li-Yi Wei and Rui Wang},
  title = {Point sampling with general noise spectrum},
  journal = {{ACM} Transactions on Graphics}
}

@incollection{Villmann:1999,
  doi =          {10.1016/b978-044450270-4/50022-x},
  year =         1999,
  publisher =    {Elsevier},
  pages =        {279--292},
  author =       {Thomas Villmann},
  title =        {Topology Preservation in Self-Organizing Maps},
  booktitle =    {Kohonen Maps}
}

@Book{Eiben:2003,
  author =       {A.E. Eiben and J.E. Smith},
  title =        {Introduction to Evolutionary Computing},
  publisher =    {Springer Verlag},
  year =         {2003},
}

@inproceedings{Jiang:2009,
  doi = {10.1145/1543834.1543869},
  year  = {2009},
  publisher = {{ACM} Press},
  author = {Fei Jiang and Hugues Berry and Marc Schoenauer},
  title = {The impact of network topology on self-organizing maps},
  booktitle = {Proceedings of the first {ACM}/{SIGEVO} Summit on Genetic and
               Evolutionary Computation - {GEC} {\textquotesingle}09}
}

@article{Alahakoon:2000,
  doi = {10.1109/72.846732},
  year  = {2000},
  month = {5},
  publisher = {Institute of Electrical and Electronics Engineers ({IEEE})},
  volume = {11},
  number = {3},
  pages = {601--614},
  author = {D. Alahakoon and S.K. Halgamuge and B. Srinivasan},
  title = {Dynamic self-organizing maps with controlled growth for knowledge discovery},
  journal = {{IEEE} Transactions on Neural Networks}
}

@incollection{Blackmore:1995,
  doi = {10.1016/b978-1-55860-377-6.50016-5},
  year  = {1995},
  publisher = {Elsevier},
  pages = {55--63},
  author = {Justine Blackmore and Risto Miikkulainen},
  title = {Visualizing High-Dimensional Structure with the Incremental Grid Growing Neural Network},
  booktitle = {Machine Learning Proceedings 1995}
}

@inproceedings{Fritzke:1994,
  author =       {Fritzke, Bernd},
  title =        {A Growing Neural Gas Network Learns Topologies},
  booktitle =    {Proceedings of the 7th International Conference on Neural
                  Information Processing Systems},
  series =       {NIPS'94},
  year =         1994,
  location =     {Denver, Colorado},
  pages =        {625--632},
  numpages =     8,
  url =          {http://dl.acm.org/citation.cfm?id=2998687.2998765},
  acmid =        2998765,
  publisher =    {MIT Press},
  address =      {Cambridge, MA, USA},
}

@Book{Kohonen:2001,
  author =       {Teuvo Kohonen},
  title =        {Self-Organizing Maps},
  publisher =    {Springer-Verlag},
  edition =      {3},
  year =         {2001},
  volume =       {30},
  series =       {Springer Series in Information Sciences},
  address =      {Berlin, Germany},
}

@article{Astudillo:2014,
  doi = {10.1007/s10044-014-0367-9},
  year  = {2014},
  month = {3},
  publisher = {Springer Nature},
  volume = {17},
  number = {2},
  pages = {223--248},
  author = {C{\'{e}}sar A. Astudillo and B. John Oommen},
  title = {Topology-oriented self-organizing maps: a survey},
  journal = {Pattern Analysis and Applications}
}

@Article{Polla:2009,
  author =       {Matti Pöllä and Timo Honkela and Teuvo Kohonen},
  title =        {Bibliography of Self-Organizing Map (SOM) Papers: 2002-2005
                  Addendum},
  journal =      {Helsinki University of Technology},
  year =         {2009},
  url =          {http://users.ics.tkk.fi/tho/online-papers/TKK-ICS-R23.pdf}
}

@Article{Kaski:1998,
  author =       {Samuel Kaski and Jari Kangas and Teuvo Kohonen},
  title =        {Bibliography of Self-Organizing Map (SOM) Papers: 1981-1997},
  journal =      {Neural Computing Surveys},
  year =         {1998},
  volume =       {1},
  url =          {http://www.cis.hut.fi/research/som-bibl/vol1_4.pdf}
}

@Article{Oja:2003,
  author =       {Merja Oja and Samuel Kaski and Teuvo Kohonen},
  title =        {Bibliography of Self-Organizing Map (SOM) Papers: 1998-2001
                  Addendum},
  journal =      {Neural Computing Surveys},
  year =         {2003},
  volume =       {3},
  url =          {http://www.cis.hut.fi/research/som-bibl/NCS_vol3_1.pdf}
}

@article{Carlsson:2009,
  title={Topology and data},
  author={Carlsson, Gunnar},
  journal={Bulletin of the American Mathematical Society},
  volume={46},
  number={2},
  pages={255--308},
  year={2009}
}

@article{Edelsbrunner:2008,
  title={Persistent homology-a survey},
  author={Edelsbrunner, Herbert and Harer, John},
  journal={Contemporary mathematics},
  volume={453},
  pages={257--282},
  year={2008},
  publisher={Providence, RI: American Mathematical Society}
}

@article{Atienza:2019,
  title={Persistent entropy: a scale-invariant topological statistic for analyzing cell arrangements},
  author={Atienza, Nieves and Escudero, Luis M and Jimenez, Maria Jose and Soriano-Trigueros, M},
  journal={arXiv preprint arXiv:1902.06467},
  year={2019}
}


@article{Kohonen:1982,
  doi = {10.1007/bf00337288},
  year  = {1982},
  publisher = {Springer Nature America,  Inc},
  volume = {43},
  number = {1},
  pages = {59--69},
  author = {Teuvo Kohonen},
  title = {Self-organized formation of topologically correct feature maps},
  journal = {Biological Cybernetics}
}

@article{Rougier:2018,
  doi =          {10.3389/fninf.2018.00012},
  url =          {https://doi.org/10.3389/fninf.2018.00012},
  year =         2018,
  month =        {3},
  publisher =    {Frontiers Media {SA}},
  volume =       12,
  author =       {Nicolas P. Rougier},
  title =        {A Density-Driven Method for the Placement of Biological Cells
                  Over Two-Dimensional Manifolds},
  journal =      {Frontiers in Neuroinformatics}
}

@article{Ebeida:2014,
  doi = {10.1016/j.cad.2013.08.015},
  year  = {2014},
  month = {1},
  publisher = {Elsevier {BV}},
  volume = {46},
  pages = {25--36},
  author = {Mohamed S. Ebeida and Muhammad A. Awad and Xiaoyin Ge and Ahmed H. Mahmoud and Scott A. Mitchell and Patrick M. Knupp and Li-Yi Wei},
  title = {Improving spatial coverage while preserving the blue noise of point sets},
  journal = {Computer-Aided Design}
}
@article{Schneider:2014,
  doi = {10.1371/journal.pcbi.1003921},
  year  = {2014},
  month = {10},
  publisher = {Public Library of Science ({PLoS})},
  volume = {10},
  number = {10},
  pages = {e1003921},
  author = {Calvin J. Schneider and Hermann Cuntz and Ivan Soltesz},
  editor = {Claus C. Hilgetag},
  title = {Linking Macroscopic with Microscopic Neuroanatomy Using Synthetic Neuronal Populations},
  journal = {{PLoS} Computational Biology}
}
@article{Pyka:2014,
  doi = {10.3389/fnana.2014.00091},
  year  = {2014},
  month = {9},
  publisher = {Frontiers Media {SA}},
  volume = {8},
  author = {Martin Pyka and Sebastian Klatt and Sen Cheng},
  title = {Parametric Anatomical Modeling: a method for modeling the anatomical layout of neurons and their projections},
  journal = {Frontiers in Neuroanatomy}
}

@article{HerculanoHouzel:2013,
  doi = {10.3389/fnana.2013.00035},
  year  = {2013},
  publisher = {Frontiers Media {SA}},
  volume = {7},
  author = {Suzana Herculano-Houzel and Charles Watson and George Paxinos},
  title = {Distribution of neurons in functional areas of the mouse cerebral cortex reveals quantitatively different cortical zones},
  journal = {Frontiers in Neuroanatomy}
}

@article{Ivenshitz:2010,
  doi = {10.1152/jn.00914.2009},
  year  = {2010},
  month = {6},
  publisher = {American Physiological Society},
  volume = {104},
  number = {2},
  pages = {1052--1060},
  author = {M. Ivenshitz and M. Segal},
  title = {Neuronal Density Determines Network Connectivity and Spontaneous Activity in Cultured Hippocampus},
  journal = {Journal of Neurophysiology}
}

@article{Potjans:2012,
  doi = {10.1093/cercor/bhs358},
  url = {https://doi.org/10.1093/cercor/bhs358},
  year  = {2012},
  month = {12},
  publisher = {Oxford University Press ({OUP})},
  volume = {24},
  number = {3},
  pages = {785--806},
  author = {Tobias C. Potjans and Markus Diesmann},
  title = {The Cell-Type Specific Cortical Microcircuit: Relating Structure and Activity in a Full-Scale Spiking Network Model},
  journal = {Cerebral Cortex}
}

@article{Jiang:2015,
  doi = {10.1126/science.aac9462},
  year  = {2015},
  month = {11},
  publisher = {American Association for the Advancement of Science ({AAAS})},
  volume = {350},
  number = {6264},
  pages = {aac9462--aac9462},
  author = {X. Jiang and S. Shen and C. R. Cadwell and P. Berens and F. Sinz and A. S. Ecker and S. Patel and A. S. Tolias},
  title = {Principles of connectivity among morphologically defined cell types in adult neocortex},
  journal = {Science}
}

@article{ErcseyRavasz:2013,
  doi = {10.1016/j.neuron.2013.07.036},
  year  = {2013},
  month = {10},
  publisher = {Elsevier {BV}},
  volume = {80},
  number = {1},
  pages = {184--197},
  author = {M{\'{a}}ria Ercsey-Ravasz and Nikola~T. Markov and Camille Lamy and David~C. Van~Essen and Kenneth Knoblauch and Zolt{\'{a}}n Toroczkai and Henry Kennedy},
  title = {A Predictive Network Model of Cerebral Cortical Connectivity Based on a Distance Rule},
  journal = {Neuron}
}
@article{Markov:2013,
  doi = {10.1073/pnas.1218972110},
  year  = {2013},
  month = {3},
  publisher = {Proceedings of the National Academy of Sciences},
  volume = {110},
  number = {13},
  pages = {5187--5192},
  author = {N. T. Markov and M. Ercsey-Ravasz and C. Lamy and A. R. Ribeiro Gomes and L. Magrou and P. Misery and P. Giroud and P. Barone and C. Dehay and Z. Toroczkai and K. Knoblauch and D. C. Van Essen and H. Kennedy},
  title = {The role of long-range connections on the specificity of the macaque interareal cortical network},
  journal = {Proceedings of the National Academy of Sciences}
}

@Misc{Gillies:2007,
  author =    {Sean Gillies and others},
  organization = {toblerity.org},
  title =     {Shapely: manipulation and analysis of geometric objects},
  year =      {2007},
  url = "https://github.com/Toblerity/Shapely"
}

@article{Alfeld:1984,
  doi = {10.1016/0167-8396(84)90029-3},
  year  = {1984},
  month = {11},
  publisher = {Elsevier {BV}},
  volume = {1},
  number = {2},
  pages = {169--181},
  author = {Peter Alfeld},
  title = {A trivariate clough{\textemdash}tocher scheme for tetrahedral data},
  journal = {Computer Aided Geometric Design}
}

@article{Young:2013,
  doi = {10.3389/fncir.2013.00030},
  year  = {2013},
  publisher = {Frontiers Media {SA}},
  volume = {7},
  author = {Nicole A. Young and Christine E. Collins and Jon H. Kaas},
  title = {Cell and neuron densities in the primary motor cortex of primates},
  journal = {Frontiers in Neural Circuits}
}

@article{Collins:2016,
  doi = {10.1073/pnas.1524208113},
  year  = {2016},
  month = {1},
  publisher = {Proceedings of the National Academy of Sciences},
  volume = {113},
  number = {3},
  pages = {740--745},
  author = {Christine E. Collins and Emily C. Turner and Eva Kille Sawyer and Jamie L. Reed and Nicole A. Young and David K. Flaherty and Jon H. Kaas},
  title = {Cortical cell and neuron density estimates in one chimpanzee hemisphere},
  journal = {Proceedings of the National Academy of Sciences}
}

@article{Collins:2010,
  doi = {10.1073/pnas.1010356107},
  year  = {2010},
  month = {8},
  publisher = {Proceedings of the National Academy of Sciences},
  volume = {107},
  number = {36},
  pages = {15927--15932},
  author = {C. E. Collins and D. C. Airey and N. A. Young and D. B. Leitch and J. H. Kaas},
  title = {Neuron densities vary across and within cortical areas in primates},
  journal = {Proceedings of the National Academy of Sciences}
}


@misc{Rougier:2018:code,
  author       = {Nicolas P. Rougier},
  title        = {A density-driven method for the placement of biological cells
                  over two-dimensional manifolds: code},
  month        = 2,
  year         = 2018,
  doi          = {10.5281/zenodo.1172461},
  url          = {https://github.com/rougier/density-driven}
}

@article{Humphries:2010,
	doi = {10.1016/j.pneurobio.2009.11.003},
	year = 2010,
	month = {4},
	publisher = {Elsevier {BV}},
	volume = {90},
	number = {4},
	pages = {385--417},
	author = {Mark D. Humphries and Tony J. Prescott},
	title = {The ventral basal ganglia, a selection mechanism at the crossroads of space, strategy, and reward.},
	journal = {Progress in Neurobiology}
}

@article{ODoherty:2004,
	doi = {10.1126/science.1094285},
	year = 2004,
	month = {4},
	publisher = {American Association for the Advancement of Science ({AAAS})},
	volume = {304},
	number = {5669},
	pages = {452--454},
	author = {J. O{\textquotesingle}Doherty},
	title = {Dissociable Roles of Ventral and Dorsal Striatum in Instrumental Conditioning},
	journal = {Science}
}

@article{Meer:2011,
	doi = {10.1016/j.conb.2011.02.011},
	year = 2011,
	month = {6},
	publisher = {Elsevier {BV}},
	volume = {21},
	number = {3},
	pages = {387--392},
	author = {Matthijs AA van der Meer and A David Redish},
	title = {Ventral striatum: a critical look at models of learning and evaluation},
	journal = {Current Opinion in Neurobiology}
}


@article{Mcinnes:2018,
  title={Umap: Uniform manifold approximation and projection for dimension reduction},
  author={McInnes, Leland and Healy, John and Melville, James},
  journal={arXiv preprint arXiv:1802.03426},
  year={2018}
}

@article{Detorakis:2019,
  title={Contrastive Hebbian learning with random feedback weights},
  author={Detorakis, Georgios and Bartley, Travis and Neftci, Emre},
  journal={Neural Networks},
  volume={114},
  pages={1--14},
  year={2019},
  publisher={Elsevier}
}

@inproceedings{Demartines:1992,
  title={Organization measures and representations of Kohonen maps},
  author={Demartines, Pierre},
  booktitle={First IFIP Working Group},
  volume={10},
  year={1992},
  organization={Citeseer}
}

@article{Lanaro:2020,
  title={Blue-noise sampling for human retinal cone spatial distribution modeling},
  author={Lanaro, Matteo Paolo and Perrier, H{\'e}l{\`e}ne and Coeurjolly, David and Ostromoukhov, Victor and Rizzi, Alessandro},
  journal={Journal of Physics Communications},
  volume={4},
  number={3},
  pages={035013},
  year={2020},
  publisher={IOP Publishing}
}

@article{Balleine:2007,
	doi = {10.1523/jneurosci.1554-07.2007},
	year = 2007,
	month = {8},
	publisher = {Society for Neuroscience},
	volume = {27},
	number = {31},
	pages = {8161--8165},
	author = {B. W. Balleine and M. R. Delgado and O. Hikosaka},
	title = {The Role of the Dorsal Striatum in Reward and Decision-Making},
	journal = {Journal of Neuroscience}
}

@misc{Jones:2001,
    author = {Jones, Eric and Oliphant, Travis and Peterson, Pearu},
    url = {http://www.scipy.org},
    title = {{SciPy}: Open source scientific tools for {Python}},
    year = {2001}
}

@article{Walt:2011,
	doi = {10.1109/mcse.2011.37},
	year = 2011,
	month = {3},
	publisher = {Institute of Electrical and Electronics Engineers ({IEEE})},
	volume = {13},
	number = {2},
	pages = {22--30},
	author = {Stéfan van der Walt and S Chris Colbert and Gaël Varoquaux},
	title = {The {NumPy} Array: A Structure for Efficient Numerical Computation},
	journal = {Computing in Science {\&} Engineering}
}

@inproceedings{Pennington:2017,
  title={Nonlinear random matrix theory for deep learning},
  author={Pennington, Jeffrey and Worah, Pratik},
  booktitle={Advances in Neural Information Processing Systems},
  pages={2637--2646},
  year={2017}
}

@article{Liu:1958,
  title={Intraspinal sprouting of dorsal root axons: Development of new collaterals and preterminals following partial denervation of the spinal cord in the cat},
  author={Liu, Chan-Nao and Chambers, WW},
  journal={AMA Archives of Neurology \& Psychiatry},
  volume={79},
  number={1},
  pages={46--61},
  year={1958},
  publisher={American Medical Association}
}

@article{Bareyre:2004,
  title={The injured spinal cord spontaneously forms a new intraspinal circuit in adult rats},
  author={Bareyre, Florence M and Kerschensteiner, Martin and Raineteau, Olivier and Mettenleiter, Thomas C and Weinmann, Oliver and Schwab, Martin E},
  journal={Nature neuroscience},
  volume={7},
  number={3},
  pages={269--277},
  year={2004},
  publisher={Nature Publishing Group}
}

@article{Lecun:1998,
  title={Gradient-based learning applied to document recognition},
  author={LeCun, Yann and Bottou, L{\'e}on and Bengio, Yoshua and Haffner, Patrick},
  journal={Proceedings of the IEEE},
  volume={86},
  number={11},
  pages={2278--2324},
  year={1998},
  publisher={Ieee}
}

@article{Merzenich:1984,
  title={Somatosensory cortical map changes following digit amputation in adult monkeys},
  author={Merzenich, Michael M and Nelson, Randall J and Stryker, Michael P and Cynader, Max S and Schoppmann, Axel and Zook, John M},
  journal={Journal of comparative Neurology},
  volume={224},
  number={4},
  pages={591--605},
  year={1984},
  publisher={Wiley Online Library}
}

@article{Taub:2014,
  title={The functional significance of cortical reorganization and the parallel development of CI therapy},
  author={Taub, Edward and Uswatte, Gitendra and Mark, Victor W},
  journal={Frontiers in Human Neuroscience},
  volume={8},
  pages={396},
  year={2014},
  publisher={Frontiers}
}


@article{Alvarez:2004,
  title={For the long run: maintaining germinal niches in the adult brain},
  author={Alvarez-Buylla, Arturo and Lim, Daniel A},
  journal={Neuron},
  volume={41},
  number={5},
  pages={683--686},
  year={2004},
  publisher={Elsevier}
}


@article{lim:2016,
  title={The adult ventricular--subventricular zone (V-SVZ) and olfactory bulb (OB) neurogenesis},
  author={Lim, Daniel A and Alvarez-Buylla, Arturo},
  journal={Cold Spring Harbor perspectives in biology},
  volume={8},
  number={5},
  pages={a018820},
  year={2016},
  publisher={Cold Spring Harbor Lab}
}

@article{Ernst:2014,
  title={Neurogenesis in the striatum of the adult human brain},
  author={Ernst, Aur{\'e}lie and Alkass, Kanar and Bernard, Samuel and Salehpour, Mehran and Perl, Shira and Tisdale, John and Possnert, G{\"o}ran and Druid, Henrik and Fris{\'e}n, Jonas},
  journal={Cell},
  volume={156},
  number={5},
  pages={1072--1083},
  year={2014},
  publisher={Elsevier}
}


@article{Pedregosa:2011,
  title={Scikit-learn: Machine learning in Python},
  author={Pedregosa, Fabian and Varoquaux, Ga{\"e}l and Gramfort, Alexandre and Michel, Vincent and Thirion, Bertrand and Grisel, Olivier and Blondel, Mathieu and Prettenhofer, Peter and Weiss, Ron and Dubourg, Vincent and others},
  journal={the Journal of machine Learning research},
  volume={12},
  pages={2825--2830},
  year={2011},
  publisher={JMLR. org}
}

@Article{Hunter:2007,
  Author    = {Hunter, J. D.},
  Title     = {Matplotlib: A 2D graphics environment},
  Journal   = {Computing In Science \& Engineering},
  Volume    = {9},
  Number    = {3},
  Pages     = {90--95},
  publisher = {IEEE COMPUTER SOC},
  doi = {10.1109/MCSE.2007.55},
  year      = 2007
}

@book{Coombes:2014,
	doi = {10.1007/978-3-642-54593-1},
	year = 2014,
	publisher = {Springer Berlin Heidelberg},
	editor = {Stephen Coombes and Peter beim Graben and Roland Potthast and James Wright},
	title = {Neural Fields}
}

@article{Wilson:1973,
	doi = {10.1007/bf00288786},
	year = 1973,
	month = {9},
	publisher = {Springer Nature},
	volume = {13},
	number = {2},
	pages = {55--80},
	author = {Hugh R. Wilson and Jack D. Cowan},
	title = {A mathematical theory of the functional dynamics of cortical and thalamic nervous tissue},
	journal = {Kybernetik}
}

@article{Wilson:1972,
	doi = {10.1016/s0006-3495(72)86068-5},
	year = 1972,
	month = {1},
	publisher = {Elsevier {BV}},
	volume = {12},
	number = {1},
	pages = {1--24},
	author = {Hugh R. Wilson and Jack D. Cowan},
	title = {Excitatory and Inhibitory Interactions in Localized Populations of Model Neurons},
	journal = {Biophysical Journal}
}

@article{Amari:1977,
	doi = {10.1007/bf00337259},
	year = 1977,
	publisher = {Springer Nature},
	volume = {27},
	number = {2},
	pages = {77--87},
	author = {Shun-Ichi Amari},
	title = {Dynamics of pattern formation in lateral-inhibition type neural fields},
	journal = {Biological Cybernetics}
}


@article{Ahnelt:2000,
  doi = {10.1016/s1350-9462(00)00012-4},
  year  = {2000},
  month = {11},
  publisher = {Elsevier {BV}},
  volume = {19},
  number = {6},
  pages = {711--777},
  author = {Peter K Ahnelt and Helga Kolb},
  title = {The mammalian photoreceptor mosaic-adaptive design},
  journal = {Progress in Retinal and Eye Research}
}

@article{Curcio:1990,
  doi = {10.1002/cne.902920402},
  year  = {1990},
  month = {2},
  publisher = {Wiley-Blackwell},
  volume = {292},
  number = {4},
  pages = {497--523},
  author = {Christine A. Curcio and Kenneth R. Sloan and Robert E. Kalina and Anita E. Hendrickson},
  title = {Human photoreceptor topography},
  journal = {The Journal of Comparative Neurology}
}

@article{Driscoll:1996,
  doi = {10.1145/229473.229475},
  year  = {1996},
  month = {6},
  publisher = {Association for Computing Machinery ({ACM})},
  volume = {22},
  number = {2},
  pages = {168--186},
  author = {Tobin A. Driscoll},
  title = {Algorithm 756, a {MATLAB} toolbox for Schwarz-Christoffel mapping},
  journal = {{ACM} Transactions on Mathematical Software}
}

@article{Trefethen:1980,
  doi = {10.1137/0901004},
  year  = {1980},
  month = {3},
  publisher = {Society for Industrial {\&} Applied Mathematics ({SIAM})},
  volume = {1},
  number = {1},
  pages = {82--102},
  author = {Lloyd N. Trefethen},
  title = {Numerical Computation of the Schwarz{\textendash}Christoffel Transformation},
  journal = {{SIAM} Journal on Scientific and Statistical Computing}
}
@article{Kerzman:1986,
  doi = {10.1016/0377-0427(86)90133-0},
  year  = {1986},
  month = {2},
  publisher = {Elsevier {BV}},
  volume = {14},
  number = {1-2},
  pages = {111--123},
  author = {Norberto Kerzman and Manfred R. Trummer},
  title = {Numerical conformal mapping via the Szeg\"{o} kernel},
  journal = {Journal of Computational and Applied Mathematics}
}

@article{Bolt:2010,
  doi = {10.2140/involve.2010.3.405},
  year  = {2010},
  month = {12},
  publisher = {Mathematical Sciences Publishers},
  volume = {3},
  number = {4},
  pages = {405--420},
  author = {Michael Bolt and Sarah Snoeyink and Ethan Van Andel},
  title = {Visual representation of the Riemann and Ahlfors maps via the
                  Kerzman{\textendash}Stein equation},
  journal = {Involve,  a Journal of Mathematics}
}

@article{Fong:2017,
  author =       {{Fong}, C.},
  title =        "{Analytical Methods for Squaring the Disc}",
  journal =      {ArXiv e-prints},
  archivePrefix ="arXiv",
  eprint =       {1509.06344},
  primaryClass = "math.HO",
  year =         2017,
  url =          {https://arxiv.org/abs/1509.06344},
}

@article{Shirley:1997,
  doi =          {10.1080/10867651.1997.10487479},
  year =         1997,
  month =        {1},
  publisher =    {Informa {UK} Limited},
  volume =       2,
  number =       3,
  pages =        {45--52},
  author =       {Peter Shirley and Kenneth Chiu},
  title =        {A Low Distortion Map Between Disk and Square},
  journal =      {Journal of Graphics Tools}
}

@article{Djurfeldt:2014,
  doi =          {10.3389/fninf.2014.00043},
  year =         2014,
  month =        {4},
  publisher =    {Frontiers Media {SA}},
  volume =       8,
  author =       {Mikael Djurfeldt and Andrew P. Davison and Jochen M. Eppler},
  title =        {Efficient generation of connectivity in neuronal networks
                  from simulator-independent descriptions},
  journal =      {Frontiers in Neuroinformatics}
}

@Misc{Ekkehard:2015,
  author =       {Plesser, Hans Ekkehard and Enger, Håkon},
  title =        {NEST Topology user manual},
  url =
                  {http://www.nest-simulator.org/wp-content/uploads/2015/04/Topology_UserManual.pdf},
  year =         2015,
}


@article{Lloyd:1982,
	doi = {10.1109/tit.1982.1056489},
	year = 1982,
	month = {3},
	publisher = {Institute of Electrical and Electronics Engineers ({IEEE})},
	volume = {28},
	number = {2},
	pages = {129--137},
	author = {S. Lloyd},
	title = {Least squares quantization in {PCM}},
	journal = {{IEEE} Transactions on Information Theory}
}

@article{Chen:2012,
	doi = {10.1109/tvcg.2012.94},
	year = 2012,
	month = {10},
	publisher = {Institute of Electrical and Electronics Engineers ({IEEE})},
	volume = {18},
	number = {10},
	pages = {1784--1796},
	author = {Zhonggui Chen and Zhan Yuan and Yi-King Choi and Ligang Liu and Wenping Wang},
	title = {Variational Blue Noise Sampling},
	journal = {{IEEE} Transactions on Visualization and Computer Graphics}
}

@article{Lagae:2008,
	doi = {10.1111/j.1467-8659.2007.01100.x},
	year = 2008,
	month = {3},
	publisher = {Wiley-Blackwell},
	volume = {27},
	number = {1},
	pages = {114--129},
	author = {Ares Lagae and Philip Dutr{\'{e}}},
	title = {A Comparison of Methods for Generating Poisson Disk Distributions},
	journal = {Computer Graphics Forum}
}

@article{Cook:1986,
	doi = {10.1145/7529.8927},
	year = 1986,
	month = {1},
	publisher = {Association for Computing Machinery ({ACM})},
	volume = {5},
	number = {1},
	pages = {51--72},
	author = {Robert L. Cook},
	title = {Stochastic sampling in computer graphics},
	journal = {{ACM} Transactions on Graphics}
}

@inproceedings{Bridson:2007,
	doi = {10.1145/1278780.1278807},
	year = 2007,
	publisher = {{ACM} Press},
	author = {Robert Bridson},
	title = {Fast Poisson disk sampling in arbitrary dimensions},
	booktitle = {{ACM} {SIGGRAPH} 2007 sketches on - {SIGGRAPH} {\textquotesingle}07}
}

@article{Mehta:2012,
	doi = {10.1145/2366145.2366182},
	year = 2012,
	month = {11},
	publisher = {Association for Computing Machinery ({ACM})},
	volume = {31},
	number = {6},
	pages = {1},
	author = {Soham Uday Mehta and Brandon Wang and Ravi Ramamoorthi},
	title = {Axis-aligned filtering for interactive sampled soft shadows},
	journal = {{ACM} Transactions on Graphics}
}

@article{Zhang:2016,
  doi = {10.1016/j.cag.2015.11.002},
   year  = {2016},
  month = {4},
  publisher = {Elsevier {BV}},
  volume = {55},
  pages = {44--54},
  author = {Sen Zhang and Jianwei Guo and Hui Zhang and Xiaohong Jia and Dong-Ming Yan and Junhai Yong and Peter Wonka},
  title = {Capacity constrained blue-noise sampling on surfaces},
  journal = {Computers {\&} Graphics}
}


@book{Ulichney:1987,
  author =       {Ulichney, Robert},
  title =        {Digital Halftoning},
  year =         1987,
  isbn =         {0-262-21009-6},
  publisher =    {MIT Press},
  address =      {Cambridge, MA, USA},
}

@article{Pasternak:1975,
	doi = {10.1002/cne.901600303},
	year = 1975,
	month = {4},
	publisher = {Wiley-Blackwell},
	volume = {160},
	number = {3},
	pages = {291--306},
	author = {Joseph F. Pasternak and Thomas A. Woolsey},
	title = {The number, size and spatial distribution of neurons in Lamina {IV} of the mouse {SmI} neocortex},
	journal = {The Journal of Comparative Neurology}
}


@article{Blazquez-Llorca:2014,
	doi = {10.1007/s00429-014-0828-3},
	year = 2014,
	month = {7},
	publisher = {Springer Nature},
	volume = {220},
	number = {5},
	pages = {2817--2834},
	author = {Lidia Blazquez-Llorca and Alan Woodruff and Melis Inan and Stewart A. Anderson and Rafael Yuste and Javier DeFelipe and Angel Merchan-Perez},
	title = {Spatial distribution of neurons innervated by chandelier cells},
	journal = {Brain Structure and Function}
}


@article{McCormick:2000,
	doi = {10.1016/s0925-2312(00)00258-7},
	year = 2000,
	month = {6},
	publisher = {Elsevier {BV}},
	volume = {32-33},
	pages = {897--904},
	author = {B.H. McCormick and R.W. DeVaul and W.R. Shankle and J.H. Fallon},
	title = {Modeling neuron spatial distribution and morphology in the developing human cerebral cortex},
	journal = {Neurocomputing}
}


@inproceedings{Nallapu:2017,
	doi = {10.1109/ijcnn.2017.7965835},
	year = 2017,
	month = {5},
	publisher = {{IEEE}},
	author = {Bhargav Teja Nallapu and Bapi Raju Surampudi and Nicolas P. Rougier},
	title = {The art of scaling up : A computational account on action selection in basal ganglia},
	booktitle = {2017 International Joint Conference on Neural Networks ({IJCNN})}
}


@Book{Hebb:1949,
  author =       {Hebb, Donald O.},
  title =        {The Organization of Behavior: a Neuropsychological Theory},
  publisher =    {New York: Wiley},
  year =         1949,
}

@inproceedings{Balzer:2009a,
  author =       {Balzer, Michael},
  title =        {{Capacity-Constrained Voronoi Diagrams in Continuous Spaces}},
  booktitle =    {2009 Sixth International Symposium on Voronoi Diagrams},
  year =         2009,
  pages =        {79--88},
  publisher =    {IEEE}
}

@book{Balzer:2009b,
  author =       {Balzer, Michael and Schl{\"o}mer, Thomas and Deussen, Oliver},
  title =        {{Capacity-constrained point distributions: a variant of
                  Lloyd's method}},
  publisher =    {ACM},
  year =         2009,
  volume =       28,
  series =       {a variant of Lloyd's method},
  month =        jul
}

@article{AscencioLopez:2010,
  author =       {Ascencio-Lopez, I and Meruvia-Pastor, O and Hidalho-Silva,
                  Hugo},
  title =        {{Adaptive incremental stippling using the Poisson-disk
                  distribution}},
  journal =      {Journal of Graphics},
  year =         2010,
  volume =       15,
  number =       1,
  pages =        {29--47}
}

@inproceedings{Secord:2002,
	doi = {10.1145/508530.508537},
	year = 2002,
	publisher = {{ACM} Press},
	author = {Adrian Secord},
	title = {Weighted Voronoi stippling},
	booktitle = {Proceedings of the second international symposium on Non-photorealistic animation and rendering  - {NPAR} {\textquotesingle}02}
}

@Article{Rougier:2017,
  author =       {Rougier, Nicolas P.},
  title =        {{[Re] Weighted Voronoi Stippling}},
  journal =      {ReScience},
  volume =       3,
  number =       1,
  doi =          {10.5281/zenodo.802285},
  year =         2017
}

@Article{Abeles:2011,
  author =       {Abeles, M.},
  title =        {Cell assemblies},
  year =         2011,
  journal =      {Scholarpedia},
  volume =       6,
  number =       7,
}

@InProceedings{Hoff:1999,
  author =       {Hoff,III, Kenneth E. and Keyser, John and Lin, Ming and
                  Manocha, Dinesh and Culver, Tim},
  title =        {Fast Computation of Generalized Voronoi Diagrams Using
                  Graphics Hardware},
  booktitle =    {Proceedings of the 26th Annual Conference on Computer
                  Graphics and Interactive Techniques},
  series =       {SIGGRAPH '99},
  year =         1999,
  pages =        {277--286},
  numpages =     10,
  publisher =    {ACM Press/Addison-Wesley Publishing Co.}
}